@inproceedings{viola2001rapid,
  title={Rapid object detection using a boosted cascade of simple features},
  author={Viola, Paul and Jones, Michael},
  booktitle={Computer Vision and Pattern Recognition, 2001. CVPR 2001. Proceedings of the 2001 IEEE Computer Society Conference on},
  volume={1},
  pages={I--511},
  year={2001},
  organization={IEEE}
}

@article{viola2004robust,
  title={Robust real-time face detection},
  author={Viola, Paul and Jones, Michael J},
  journal={International journal of computer vision},
  volume={57},
  number={2},
  pages={137--154},
  year={2004},
  publisher={Springer}
}

@article{rowley1998neural,
  title={Neural network-based face detection},
  author={Rowley, Henry A and Baluja, Shumeet and Kanade, Takeo},
  journal={IEEE Transactions on pattern analysis and machine intelligence},
  volume={20},
  number={1},
  pages={23--38},
  year={1998},
  publisher={IEEE}
}

@article{hsu2002face,
  title={Face detection in color images},
  author={Hsu, Rein-Lien and Abdel-Mottaleb, Mohamed and Jain, Anil K},
  journal={IEEE transactions on pattern analysis and machine intelligence},
  volume={24},
  number={5},
  pages={696--706},
  year={2002},
  publisher={IEEE}
}

@inproceedings{kim2008face,
  title={Face components detection using SURF descriptors and SVMs},
  author={Kim, Donghoon and Dahyot, Rozenn},
  booktitle={Machine Vision and Image Processing Conference, 2008. IMVIP'08. International},
  pages={51--56},
  year={2008},
  organization={IEEE}
}